<record><leader>00000cas a2200000 a 4500</leader><controlfield tag="001">11870458</controlfield><controlfield tag="008">850401d18871890ksuwr ne      0   a0ger d</controlfield><datafield ind1=" " ind2=" " tag="010"><subfield code="a">sn 85031088 </subfield></datafield><datafield ind1=" " ind2=" " tag="040"><subfield code="a">KSH</subfield><subfield code="b">eng</subfield><subfield code="c">KSH</subfield><subfield code="d">NPT</subfield><subfield code="d">OCL</subfield><subfield code="d">OCLCQ</subfield></datafield><datafield ind1="0" ind2=" " tag="041"><subfield code="a">ger</subfield><subfield code="a">eng</subfield></datafield><datafield ind1=" " ind2=" " tag="042"><subfield code="a">msc</subfield></datafield><datafield ind1="0" ind2="0" tag="245"><subfield code="a">McPherson Anzeiger.</subfield></datafield><datafield ind1=" " ind2=" " tag="260"><subfield code="a">McPherson, Kan. :</subfield><subfield code="b">Western German Print. Co.,</subfield><subfield code="c">1887-1890.</subfield></datafield><datafield ind1=" " ind2=" " tag="300"><subfield code="a">4 volumes :</subfield><subfield code="b">illustrations ;</subfield><subfield code="c">42-54 cm</subfield></datafield><datafield ind1=" " ind2=" " tag="310"><subfield code="a">Weekly</subfield></datafield><datafield ind1=" " ind2=" " tag="336"><subfield code="a">text</subfield><subfield code="b">txt</subfield><subfield code="2">rdacontent</subfield></datafield><datafield ind1=" " ind2=" " tag="337"><subfield code="a">unmediated</subfield><subfield code="b">n</subfield><subfield code="2">rdamedia</subfield></datafield><datafield ind1=" " ind2=" " tag="338"><subfield code="a">volume</subfield><subfield code="b">nc</subfield><subfield code="2">rdacarrier</subfield></datafield><datafield ind1="0" ind2=" " tag="362"><subfield code="a">Jahrg. 1, Nr. 1 (Apr. 15, 1887)-Jahrg. 4, Nr. 20 (Aug. 29, 1890).</subfield></datafield><datafield ind1=" " ind2=" " tag="500"><subfield code="a">Published by J.F. Harms, Aug. 17, 1888-</subfield></datafield><datafield ind1=" " ind2=" " tag="546"><subfield code="a">In German with some articles in English, Jan. 17, 1890-</subfield></datafield><datafield ind1=" " ind2=" " tag="752"><subfield code="a">United States</subfield><subfield code="b">Kansas</subfield><subfield code="c">McPherson</subfield><subfield code="d">McPherson.</subfield></datafield></record>